<record><leader>04939cam a2200493 i 4500</leader><controlfield tag="001">6799462</controlfield><controlfield tag="003">OCoLC</controlfield><controlfield tag="005">20150123042820.4</controlfield><controlfield tag="006">m     o  d        </controlfield><controlfield tag="007">cr |||||||||||</controlfield><controlfield tag="008">141215t20152015paua    ob    000 0 eng d</controlfield><datafield ind1=" " ind2=" " tag="020"><subfield code="a">9780323315777</subfield><subfield code="q">electronic bk.</subfield></datafield><datafield ind1=" " ind2=" " tag="020"><subfield code="a">0323315771</subfield><subfield code="q">electronic bk.</subfield></datafield><datafield ind1=" " ind2=" " tag="020"><subfield code="z">9780323260336 (pbk.)</subfield></datafield><datafield ind1=" " ind2=" " tag="020"><subfield code="z">0323260330 (pbk.)</subfield></datafield><datafield ind1=" " ind2=" " tag="035"><subfield code="a">ocn898152725</subfield></datafield><datafield ind1=" " ind2=" " tag="039"><subfield code="a">exclude</subfield></datafield><datafield ind1=" " ind2=" " tag="040"><subfield code="a">MMU</subfield><subfield code="b">eng</subfield><subfield code="e">rda</subfield><subfield code="e">pn</subfield><subfield code="c">MMU</subfield><subfield code="d">OCLCO</subfield><subfield code="d">OPELS</subfield><subfield code="d">AEU</subfield></datafield><datafield ind1=" " ind2="4" tag="050"><subfield code="a">RC802</subfield></datafield><datafield ind1=" " ind2="4" tag="060"><subfield code="a">WI 18.2</subfield></datafield><datafield ind1="0" ind2="4" tag="082"><subfield code="a">616.30076</subfield><subfield code="2">23</subfield></datafield><datafield ind1=" " ind2=" " tag="090"><subfield code="a">Internet Access</subfield><subfield code="b">AEU</subfield></datafield><datafield ind1="0" ind2="0" tag="245"><subfield code="a">GI/liver secrets plus /</subfield><subfield code="c">[edited by] Peter R. McNally.</subfield></datafield><datafield ind1=" " ind2=" " tag="250"><subfield code="a">Fifth edition.</subfield></datafield><datafield ind1=" " ind2="1" tag="264"><subfield code="a">Philadelphia, PA :</subfield><subfield code="b">Elsevier/Saunders,</subfield><subfield code="c">[2015]</subfield></datafield><datafield ind1=" " ind2="4" tag="264"><subfield code="c">&#169;2015</subfield></datafield><datafield ind1=" " ind2=" " tag="300"><subfield code="a">1 online resource :</subfield><subfield code="b">illustrations (chiefly color)</subfield></datafield><datafield ind1=" " ind2=" " tag="336"><subfield code="a">text</subfield><subfield code="2">rdacontent</subfield></datafield><datafield ind1=" " ind2=" " tag="337"><subfield code="a">computer</subfield><subfield code="b">c</subfield><subfield code="2">rdamedia</subfield></datafield><datafield ind1=" " ind2=" " tag="338"><subfield code="a">online resource</subfield><subfield code="b">cr</subfield><subfield code="2">rdacarrier</subfield></datafield><datafield ind1="1" ind2=" " tag="490"><subfield code="a">Secrets</subfield></datafield><datafield ind1=" " ind2=" " tag="504"><subfield code="a">Includes bibliographical references.</subfield></datafield><datafield ind1="0" ind2=" " tag="505"><subfield code="a">Swallowing disorders and dysphagia -- Gastroesophageal reflux disease -- Esophageal causes of chest pain -- Achalasia -- Esophageal cancer -- Esophageal anomalies, infections, and nonacid injuries -- Barrett's esophagus -- Esophageal and stomach pathology -- Gastritis, peptic ulcer disease, NSAIDs, and Helicobacter pylori infection -- Gastric cancer -- Thickened gastric folds -- Gastroparesis -- Evaluation of abnormal liver tests -- General concepts on viral hepatitis -- Antiviral therapy for hepatitis C -- Antiviral therapy for hepatitis B -- Autoimmune hepatitis : diagnosis -- Autoimmune hepatitis : treatment -- Primary biliary cirrhosis and primary sclerosing cholangitis -- Vaccinations and immunoprophylaxis in gastrointestinal and liver disorders -- Pregnancy and liver disease -- Rheumatologic manifestations of hepatobiliary diseases -- Evaluation of focal liver masses -- Drug-induced liver disease -- Alcoholic liver disease, alcoholism, and alcohol withdrawal syndrome -- Vascular liver disease -- Nonalcoholic fatty liver disease and nonalcoholic steatohepatitis -- Liver transplantation -- Ascites -- Liver abscess -- Inheritable forms of liver disease -- Liver histopathology -- Hepatobiliary cystic disease -- Gallbladder disease : stones, crystals, and sludge -- ERCP plus sphincter of Oddi dysfunction -- Acute pancreatitis -- Chronic pancreatitis -- Pancreatic cancer -- Cystic lesions of the pancreas -- Celiac disease -- Crohn's disease -- Ulcerative colitis -- Eosinophilic gastrointestinal disease and eosinophilic esophagitis -- Small intestinal bacterial overgrowth -- Colon disorders and colon cancer -- Constipation and fecal incontinence -- Diverticulitis -- Diseases of the appendix -- Colitis : pseudomembranous, microscopic, and radiation -- Upper gastrointestinal hemorrhage -- Lower gastrointestinal tract bleeding -- Occult and obscure gastrointestinal bleeding -- Evaluation of acute abdominal pain -- Evaluation of acute infectious diarrhea -- Chronic diarrhea -- Aids and the gastrointestinal tract -- Ischemic bowel disease -- Nutrition, malnutrition, and probiotics -- Small bowel and colon pathology -- Foreign bodies and the gastrointestinal tract -- Functional gastrointestinal disorders and irritable bowel -- Endoscopic cancer screening and surveillance -- Rheumatologic manifestations of gastrointestinal diseases -- Dermatologic manifestations of gastrointestinal disease -- Endocrine aspects of gastrointestinal system -- Plain film, barium, and virtual radiography -- Interventional radiology I : cross-sectional imaging procedures -- Interventional radiology II : fluoroscopic and angiographic procedures -- Noninvasive GI imaging : ultrasound, computed tomography, and magnetic resonance imaging -- Nuclear imaging -- Endoscopic ultrasound -- Advanced therapeutic endoscopy -- Esophageal surgery -- Surgery for peptic ulcer disease -- Surgical approach to the acute abdomen -- Colorectal surgery : polyposis syndromes and inflammatory bowel disease -- Obesity and surgical weight loss -- Minimally invasive surgery -- Clinical vignettes.</subfield></datafield><datafield ind1=" " ind2=" " tag="506"><subfield code="a">Access restricted to authorized users and institutions.</subfield></datafield><datafield ind1=" " ind2=" " tag="588"><subfield code="a">Description based on online resource; title from digital title page (ClinicalKey, viewed on December 15, 2014).</subfield></datafield><datafield ind1=" " ind2=" " tag="596"><subfield code="a">44</subfield></datafield><datafield ind1=" " ind2="0" tag="650"><subfield code="a">Digestive organs</subfield><subfield code="x">Diseases</subfield><subfield code="v">Examinations, questions, etc.</subfield></datafield><datafield ind1="1" ind2="2" tag="650"><subfield code="a">Gastrointestinal Diseases</subfield><subfield code="v">Examination Questions.</subfield></datafield><datafield ind1="2" ind2="2" tag="650"><subfield code="a">Liver Diseases</subfield><subfield code="v">Examination Questions.</subfield></datafield><datafield ind1="1" ind2=" " tag="700"><subfield code="a">McNally, Peter R.,</subfield><subfield code="d">1954-</subfield><subfield code="e">editor.</subfield></datafield><datafield ind1=" " ind2="0" tag="830"><subfield code="a">Secrets series.</subfield></datafield><datafield ind1="4" ind2="0" tag="856"><subfield code="3">University of Alberta Access</subfield><subfield code="u">https://www.clinicalkey.com/dura/browse/bookChapter/3-s2.0-C20120070512</subfield><subfield code="z">(Unlimited Concurrent Users)</subfield></datafield><datafield ind1=" " ind2=" " tag="949"><subfield code="h">UAIN</subfield><subfield code="z">CKEY</subfield></datafield><datafield ind1=" " ind2=" " tag="926"><subfield code="a">Internet Access</subfield><subfield code="w">LC</subfield><subfield code="c">1</subfield><subfield code="i">6799462-1001</subfield><subfield code="l">INTERNET</subfield><subfield code="m">UAINTERNET</subfield><subfield code="r">Y</subfield><subfield code="s">Y</subfield><subfield code="t">E-RESOURCE</subfield><subfield code="u">2/5/2015</subfield><subfield code="x">E-BOOK</subfield><subfield code="z">CKEY</subfield></datafield></record>